@article{article,
author = {Doe, John},
year = {1987},
month = {01},
pages = {},
title = {Example title},
journal = {Example conference}
}


@misc{noauthor_how_2020,
	title = {How {Many} {Words} {Are} {There} {In} {The} {English} {Language}?},
	url = {https://www.dictionary.com/e/how-many-words-in-english/},
	abstract = {How many words are in the English language? It would seem like a simple question, but the answer is anything but.},
	language = {en-US},
	urldate = {2022-04-21},
	journal = {Dictionary.com},
	month = jul,
	year = {2020},
	note = {Section: Word Facts},
	file = {Snapshot:/Users/robb/Zotero/storage/BSWG76ST/how-many-words-in-english.html:text/html},
}

@misc{exercise_set_1.2,
	title = {Advanced Topics on Privacy-Enhancing Technologies CS-523 Exercice Set 1 - Solutions},
	url = {https://moodle.epfl.ch/pluginfile.php/3056481/mod_resource/content/1/ex_solutions.pdf},
}

@misc{noauthor_tcpdump1_nodate,
	title = {tcpdump(1) man page {\textbar} {TCPDUMP} \& {LIBPCAP}},
	url = {https://www.tcpdump.org/manpages/tcpdump.1.html},
	urldate = {2022-04-27},
	file = {tcpdump(1) man page | TCPDUMP & LIBPCAP:/Users/robb/Zotero/storage/BN9ES98A/tcpdump.1.html:text/html},
}

@misc{noauthor_tor-spectxt_nodate,
	title = {tor-spec.txt · main · {The} {Tor} {Project} / {Core} / {Tor} {Specifications}},
	url = {https://gitlab.torproject.org/tpo/core/torspec/-/blob/main/tor-spec.txt#L488},
	abstract = {Tor Specifications and Proposals},
	language = {en},
	urldate = {2022-04-28},
	journal = {GitLab},
	file = {Snapshot:/Users/robb/Zotero/storage/TUND7N97/tor-spec.html:text/html},
}
