@article{article,
author = {Doe, John},
year = {1987},
month = {01},
pages = {},
title = {Example title},
journal = {Example conference}
}
